@inproceedings{cong2014optimal,
	title={An optimal microarchitecture for stencil computation acceleration based on non-uniform partitioning of data reuse buffers},
	author={Cong, Jason and Li, Peng and Xiao, Bingjun and Zhang, Peng},
	booktitle={Proceedings of the 51st annual design automation conference},
	pages={1--6},
	year={2014},
	organization={ACM}
}